% This file was created with JabRef 2.7b.
% Encoding: UTF-8

@ARTICLE{Andrienko2003,
  author = {Denis Andrienko and Burkhard Dunweg and Olga I. Vinogradova},
  title = {Boundary slip as a result of a prewetting transition},
  journal = {Journal Of Chemical Physics},
  year = {2003},
  volume = {119},
  pages = {13106},
  owner = {nat},
  timestamp = {2012.08.17}
}

@ARTICLE{BarratBocquet1999,
  author = {Jean-Louis Barrat and Lyderic Bocquet},
  title = {Large Slip Effect at a Nonwetting Fluid-Solid Interface},
  journal = {Physical Review Letters},
  year = {1999},
  volume = {82},
  pages = {4671},
  owner = {nat},
  timestamp = {2012.08.17}
}

@ARTICLE{BaudryCharlaix2001,
  author = {J. Baudry and E. Charlaix},
  title = {Experimental Evidence for a Large Slip Effect at a Nonwetting Fluid-Solid
	Interface},
  journal = {Langmuir},
  year = {2001},
  volume = {17},
  pages = {5232-5236},
  owner = {nat},
  timestamp = {2012.08.17}
}

@ARTICLE{BeckerMugele2003,
  author = {Thomas Becker and Frieder Mugele},
  title = {Nanofluidics: Viscous Dissipation in Layered Liquid Films},
  journal = {Physical Review Letters},
  year = {2003},
  volume = {91},
  pages = {166104-1},
  owner = {nat},
  timestamp = {2012.07.27}
}

@ARTICLE{BocquetBarrat1994,
  author = {Lyderic Bocquet and Jean-Louis Barrat},
  title = {Hydrodynamic boundary conditions, correlation functions, and Kubo
	relations for confined fluids},
  journal = {Physical Review E},
  year = {1994},
  volume = {49},
  pages = {3079},
  owner = {nat},
  timestamp = {2012.08.17}
}

@ARTICLE{Cottin-Bizonne2005,
  author = {Cecile Cottin-Bizonne and B. Cross and A. Steinberger and E. Charlaix},
  title = {Boundary Slip on Smooth Hydrophobic Surface: Intrinsic Effects and Possible Artifacts},
  journal = {Physical Review Letters},
  year = {2005},
  volume = {94},
  pages = {056102},
  owner = {nat},
  timestamp = {2012.07.27}
}

@ARTICLE{NetoReview2005,
  author = {Chiara Neto and Drew R Evans and Elmar Bonaccurso and Hans-Jurgen Butt and Vincent S. J. Craig},
  title = {Boundary slip in Newtonian liquids: a review of experimental studies},
  journal = {Reports on Progress in Physics},
  year = {2005},
  volume = {68},
  pages = {2859},
  owner = {nat},
  timestamp = {2012.08.17}
}

@ARTICLE{Neto2003,
  author = {Chiara Neto and Vincent S. J. Craig and David R. M. Williams},
  title = {Evidence of shear-dependent boundary slip in newtonian liquids},
  journal = {European Physical Journal E},
  year = {2003},
  volume = {12},
  pages = {018},
  owner = {nat},
  timestamp = {2012.08.17}
}

@ARTICLE{Bonaccurso2002,
  author = {Elmar Bonaccurso and Michael Kappl and Hans-Jurgen Butt},
  title = {Hydrodynamic Force Measurements: Boundary Slip of Water on Hydrophilic Surfaces and Electrokinetic Effects},
  journal = {Physical Review Letters},
  year = {2002},
  volume = {88},
  pages = {076103},
  owner = {nat},
  timestamp = {2012.08.17}
}

@ARTICLE{LaugaReview2006,
  author = {Eric Lauga and Michael P. Brenner and Howard A. Stone},
  title = {Microfluidics: The No-Slip Boundary Condition},
  journal = {To appear as Ch. 15 in Handbook of Experimental Fluid Dynamics, Springer.},
  year = {2006},
  volume = {1},
  pages = {1},
  owner = {nat},
  timestamp = {2012.08.17}
}

@ARTICLE{deGennes2002,
  author = {P. G. de Gennes},
  title = {On Fluid/Wall Slippage},
  journal = {Langmuir},
  year = {2002},
  volume = {18},
  pages = {3413-3414},
  owner = {nat},
  timestamp = {2012.08.17}
}

@ARTICLE{HonigDucker2007,
  author = {Christopher Honig and William Ducker},
  title = {No-Slip Hydrodynamic Boundary Condition for Hydrophilic Particles},
  journal = {Physical Review Letters},
  year = {2007},
  volume = {98},
  pages = {028305},
  owner = {nat},
  timestamp = {2012.07.27}
}

@ARTICLE{Joly2006,
  author = {L. Joly and C. Ybert and L. Bocquet},
  title = {Probing the Nanohydrodynamics at Liquid-Solid Interfaces Using Thermal
	Motion},
  journal = {Physical Review Letters},
  year = {2006},
  volume = {96},
  pages = {046101},
  owner = {nat},
  timestamp = {2012.07.27}
}

@ARTICLE{ZhuAttardNeto2011,
  author = {Liwen Zhu and Phil Attard and Chiara Neto},
  title = {Reliable Measurements of Interfacial Slip by Colloid Probe Atomic
	Force Microscopy. II. Hydrodynamic Force Measurements},
  journal = {Langmuir},
  year = {2011},
  volume = {27},
  pages = {6712 - 6719},
  owner = {nat},
  timestamp = {2012.08.17}
}

@ARTICLE{Vinogradova2009,
  author = {Olga Vinogradova and Kaloian Koynov and Andreas Best and Francois Feuillebois},
  title = {Direct Measurements of Hydrophobic Slippage Using Double-Focus Fluorescence
	Cross-Correlation},
  journal = {Physical Review Letters},
  year = {2009},
  volume = {102},
  pages = {118302},
  owner = {nat},
  timestamp = {2012.08.17}
}

@ARTICLE{Huang2006,
  author = {Peter Huang and Jeffrey S. Guasto and Kenneth S. Breuer},
  title = {Direct measurement of slip velocities using three-dimensional total
	internal reflection velocimetry},
  journal = {Journal Of Fluid Mechanics},
  year = {2006},
  volume = {566},
  pages = {447 - 464},
  owner = {nat},
  timestamp = {2012.07.27}
}

@ARTICLE{Pit2000,
  author = {R. Pit and H. Hervet and L. Leger},
  title = {Direct Experimental Evidence of Slip in Hexadecane: Solid Interfaces},
  journal = {Physical Review Letters},
  year = {2000},
  volume = {85},
  pages = {980},
  owner = {nat},
  timestamp = {2012.08.17}
}

@ARTICLE{Schnell1956,
  author = {Erhard Schnell},
  title = {Slippage of Water over Nonwettable Surfaces},
  journal = {Journal Of Applied Physics},
  year = {1956},
  volume = {27},
  pages = {1149 - 1152},
  owner = {nat},
  timestamp = {2012.07.27}
}

@ARTICLE{GranickReview2003,
  author = {Steve Granick and Yingxi Zhu and Hyunjung Lee},
  title = {Slippery questions about complex fluid flowing past solids},
  journal = {Nature},
  year = {2003},
  volume = {2},
  pages = {221},
  owner = {nat},
  timestamp = {2012.08.17}
}

@ARTICLE{ThompsonRobbins1990,
  author = {Peter A. Thompson and Mark O. Robbins},
  title = {Shear flow near solids: Epitaxial order and flow boundary conditions},
  journal = {Physical Review A},
  year = {1990},
  volume = {41},
  pages = {6830},
  owner = {nat},
  timestamp = {2012.08.17}
}

@ARTICLE{ThompsonTroian1997,
  author = {Peter A. Thompson and Sandra M. Troian},
  title = {A general boundary condition for liquid flow at solid surfaces},
  journal = {Nature},
  year = {1997},
  volume = {389},
  pages = {360},
  owner = {nat},
  timestamp = {2012.08.17}
}

@ARTICLE{CraigNetoWilliams2001,
  author = {Vincent S. J. Craig and Chiara Neto and David R. M. Williams},
  title = {Shear-Dependent Boundary Slip in an Aqueous Newtonian Liquid},
  journal = {Physical Review Letters},
  year = {2001},
  volume = {87},
  pages = {054504},
  owner = {nat},
  timestamp = {2012.08.17}
}

@ARTICLE{VinogradovaReview1999,
  author = {Olga I. Vinogradova},
  title = {Slippage of water over hydrophobic surfaces},
  journal = {International Journal of Mineral Processing},
  year = {1999},
  volume = {56},
  pages = {31-60},
  owner = {nat},
  timestamp = {2012.08.17}
}

@ARTICLE{Vinogradova1995,
  author = {Olga I. Vinogradova},
  title = {Drainage of a Thin Liquid Film Confined between Hydrophobic Surfaces},
  journal = {Langmuir},
  year = {1995},
  volume = {11},
  pages = {2213-2220},
  owner = {nat},
  timestamp = {2012.08.17}
}

@ARTICLE{VinogradovaYakubov2003,
  author = {Olga I. Vinogradova and Gleb E. Yakubov},
  title = {Dynamic Effects on Force Measurement. 2. Lubrication and the Atomic
	Force Microscope},
  journal = {Langmuir},
  year = {2003},
  volume = {19},
  pages = {1227 - 1234},
  owner = {nat},
  timestamp = {2012.07.27}
}

@ARTICLE{ZhuGranick2001,
  author = {Yingxi Zhu and Steve Granick},
  title = {Rate-Dependent Slip of Newtonian Liquid at Smooth Surfaces},
  journal = {Physical Review Letters},
  year = {2001},
  volume = {87},
  pages = {096105},
  owner = {nat},
  timestamp = {2012.08.17}
}

% This bit extended by Nat.  Same encoding, UTF-8, I presume.

%%%%%%%%%%%%%%%%%%%%%%%%%%%%%%%%%%%%% Chapter 2 references.

%%%%%%%%%%%%%%%%%%%%%%%%%%%% Mixed Slip Surfaces

@ARTICLE{Onda1996,
  author = {T. Onda and S. Shibuichi and N. Satoh and K. Tsujii},
  title = {Super-Water-Repellent Fractal Surfaces},
  journal = {Langmuir},
  year = {1996},
  volume = {12},
  pages = {2125},
  owner = {nat},
  timestamp = {2013.01.24}
}


@ARTICLE{BarthlottNeinhuis1997,
  author = {W. Barthlott and C. Neinhuis},
  title = {Purity of the sacred lotus, or escape from contamination in biological surfaces},
  journal = {Planta},
  year = {1997},
  volume = {202},
  pages = {1-8},
  owner = {nat},
  timestamp = {2013.03.14}
}

@ARTICLE{NeinhuisBarthlott1997,
  author = { C. Neinhuis and W. Barthlott},
  title = {Characterization and Distribution of Water-repellent, Self-cleaning Plant Surfaces},
  journal = {Annals of Botany},
  year = {1997},
  volume = {79},
  pages = {667-677},
  owner = {nat},
  timestamp = {2013.03.14}
}

@ARTICLE{TyrrellAttard2001,
  author = {James W. G. Tyrrell and Phil Attard},
  title = {Images of Nanobubbles on Hydrophobic Surfaces and Their Interactions},
  journal = {Physical Review Letters},
  year = {2001},
  volume = {87},
  pages = {176104},
  owner = {nat},
  timestamp = {2013.03.14}
}

@ARTICLE{TyrrellAttard2002,
  author = {James W. G. Tyrrell and Phil Attard},
  title = {Atomic Force Microscopy Images of Nanobubbles on a Hydrophobic Surface and Corresponding Force-Separation Data},
  journal = {Langmuir},
  year = {2002},
  volume = {18},
  pages = {160-167},
  owner = {nat},
  timestamp = {2013.03.14}
}

@ARTICLE{Quere2002,
  author = {David Qu\'{e}r\'{e} },
  title = {Fakir droplets},
  journal = {Nature Materials},
  year = {2002},
  volume = {1},
  pages = {14},
  owner = {nat},
  timestamp = {2013.03.14}
}

@ARTICLE{ZhangMaedaCraig2006,
  author = {Xue H. Zhang and Nobuo Maeda and Vincent S. J. Craig},
  title = {Physical Properties of Nanobubbles on Hydrophobic Surfaces in Water and Aqueous Solutions},
  journal = {Langmuir},
  year = {2006},
  volume = {22},
  pages = {5025-5035f},
  owner = {nat},
  timestamp = {2013.03.14}
}

@ARTICLE{KusumaatmajaYeomans2007,
  author = {H. Kusumaatmaja and J. M. Yeomans},
  title = {Modeling Contact Angle Hysteresis on Chemically Patterned and Superhydrophobic Surfaces},
  journal = {Langmuir},
  year = {2007},
  volume = {23},
  pages = {6019-6032},
  owner = {nat},
  timestamp = {2013.03.14}
}

@ARTICLE{Yang2007,
  author = {Shangjiong Yang and Stephan M. Dammer and Nicolas Bremond and Harold J. W. Zandvliet and E. Stefan Kooij and Detlef Lohse},
  title = {Characterization of Nanobubbles on Hydrophobic Surfaces in Water},
  journal = {Langmuir},
  year = {2007},
  volume = {23},
  pages = {7072-7077},
  owner = {nat},
  timestamp = {2013.03.14}
}

@ARTICLE{ZhangKhanDucker2007,
  author = {Xue H. Zhang and Abbas Khan and William A. Ducker},
  title = {A Nanoscale Gas State},
  journal = {Physical Review Letters},
  year = {2007},
  volume = {98},
  pages = {136101},
  owner = {nat},
  timestamp = {2013.03.14}
}

@ARTICLE{ZhangQuinnDucker2007,
  author = {Xue H. Zhang and Anthony Quinn and William A. Ducker},
  title = {Nanobubbles at the Interface between Water and a Hydrophobic Solid},
  journal = {Langmuir},
  year = {2008},
  volume = {24},
  pages = {4756-4764},
  owner = {nat},
  timestamp = {2013.03.14}
}

%%%%%%%%%%%%%%%%%%  Mixed Slip Flow

@ARTICLE{ZhuGranick2002,
  author = {Yingxi Zhu and Steve Granick},
  title = {Limits of the Hydrodynamic No-Slip Boundary Condition},
  journal = {Physical Review Letters},
  year = {2002},
  volume = {88},
  pages = {106102},
  owner = {nat},
  timestamp = {2013.03.14}
}

@ARTICLE{Cottin-Bizonne2003,
  author = {C\'{e}cile Cottin-Bizonne and Jean-Louis Barrat and Lyd\'{e}ric Bocquet and Elisabeth Charlaix },
  title = {Low-friction flows of liquid at nanopatterned interfaces},
  journal = {Nature Materials},
  year = {2003},
  volume = {2},
  pages = {237},
  owner = {nat},
  timestamp = {2013.03.14}
}

@ARTICLE{BonaccursoButtCraig2003,
  author = {Elmar Bonaccurso and Hans-J\"{u}rgen Butt and Vincent S. J. Craig},
  title = {Surface Roughness and Hydrodynamic Boundary Slip of a Newtonian Fluid in a Completely Wetting System},
  journal = {Physical Review Letters},
  year = {2003},
  volume = {90},
  pages = {144501},
  owner = {nat},
  timestamp = {2013.03.14}
}

@ARTICLE{LaugaBrenner2004,
  author = {Eric Lauga and Michael P. Brenner},
  title = {Dynamic mechanisms for apparent slip on hydrophobic surfaces},
  journal = {Physical Review E},
  year = {2004},
  volume = {70},
  pages = {026311},
  owner = {nat},
  timestamp = {2013.03.14}
}

@ARTICLE{OuPerotRothstein2004,
  author = {Jia Ou and Blair Perot and Jonathan P. Rothstein},
  title = {Laminar drag reduction in microchannels using ultrahydrophobic surfaces},
  journal = {Physics of Fluids},
  year = {2004},
  volume = {16},
  pages = {4635},
  owner = {nat},
  timestamp = {2013.03.14}
}

@ARTICLE{ChoiKim2006,
  author = {Chang-Hwan Choi and Chang-Jin Kim},
  title = {Large Slip of Aqueous Liquid Flow over a Nanoengineered Superhydrophobic Surface},
  journal = {Physical Review Letters},
  year = {2006},
  volume = {96},
  pages = {066001},
  owner = {nat},
  timestamp = {2013.03.14}
}

@ARTICLE{VinogradovaYakubov2006,
  author = {Olga I. Vinogradova and Gleb E. Yakubov},
  title = {Surface roughness and hydrodynamic boundary conditions},
  journal = {Physical Review E},
  year = {2006},
  volume = {73},
  pages = {045302},
  owner = {nat},
  timestamp = {2013.03.14}
}

@ARTICLE{Choi2006,
  author = {Chang-Hwan Choi and Umberto Ulmanella and Joonwon Kim and Chih-Ming Ho and Chang-Jin Kim},
  title = {Effective slip and friction reduction in nanograted superhydrophobic microchannels},
  journal = {Physics Of Fluids},
  year = {2006},
  volume = {18},
  pages = {087105},
  owner = {nat},
  timestamp = {2013.03.14}
}

@ARTICLE{Joseph2006,
  author = {P. Joseph and C. Cottin-Bizonne and J.-M. Benoit and C. Ybert and C. Journet and P. Tabeling and L. Bocquet},
  title = {Slippage of Water Past Superhydrophobic Carbon Nanotube Forests in Microchannels},
  journal = {Physical Review Letters},
  year = {2006},
  volume = {97},
  pages = {156104},
  owner = {nat},
  timestamp = {2013.03.14}
}

@ARTICLE{Steinberger2007,
  author = {Audrey Steinberger and C\'{e}cile Cottin-Bizonne and Pascal Kleimann and Elisabeth Charlaix},
  title = {High friction on a bubble mattress},
  journal = {Nature Materials},
  year = {2007},
  volume = {6},
  pages = {665},
  owner = {nat},
  timestamp = {2013.03.14}
}

@ARTICLE{KunertHarting2007,
  author = {Christian Kunert and Jens Harting},
  title = {Roughness Induced Boundary Slip in Microchannel Flows},
  journal = {Physical Review Letters},
  year = {2007},
  volume = {99},
  pages = {176001},
  owner = {nat},
  timestamp = {2013.03.14}
}

@ARTICLE{HyvaluomaHarting2008,
  author = {Jari Hyv\"{a}luoma and Jens Harting},
  title = {Slip Flow Over Structured Surfaces with Entrapped Microbubbles},
  journal = {Physical Review Letters},
  year = {2008},
  volume = {100},
  pages = {246001},
  owner = {nat},
  timestamp = {2013.03.14}
}

@ARTICLE{KunertHartingVinogradova2010,
  author = {Christian Kunert and Jens Harting and Olga I. Vinogradova},
  title = {Random-Roughness Hydrodynamic Boundary Conditions},
  journal = {Physical Review Letters},
  year = {2010},
  volume = {105},
  pages = {016001},
  owner = {nat},
  timestamp = {2013.03.14}
}

@ARTICLE{LeeKim2011,
  author = {Choongyeop Lee and Chang-Jin "CJ" Kim},
  title = {Influence of Surface Hierarchy of Superhydrophobic Surfaces on Liquid Slip},
  journal = {Langmuir},
  year = {2011},
  volume = {27},
  pages = {4243-4248},
  owner = {nat},
  timestamp = {2013.03.14}
}

%%%%%%%%%%%%%%%%%%%%%%%%%%%%%%%%%%%%%%%%%%  Effective Slip

@ARTICLE{Philip1972,
  author = {John R. Philip},
  title = {Flows Satisfying Mixed No-Slip and No-Shear Conditions},
  journal = {Journal of Applied Mathematics and Physics (ZAMP)},
  year = {1972},
  volume = {23},
  pages = {353},
  owner = {nat},
  timestamp = {2013.03.14}
}

@ARTICLE{EinzelPanzerLiu1990,
  author = {Dietrich Einzel and Peter Panzer and Mario Liu},
  title = {Boundary Condition for Fluid Flow: Curved or Rough Surfaces},
  journal = {Physical Review Letters},
  year = {1990},
  volume = {64},
  pages = {2269},
  owner = {nat},
  timestamp = {2013.03.14}
}

@ARTICLE{LaugaStone2003,
  author = {Eric Lauga and Howard A. Stone},
  title = {Effective slip in pressure-driven Stokes flow},
  journal = {Journal of Fluid Mechanics},
  year = {2003},
  volume = {489},
  pages = {55-77},
  owner = {nat},
  timestamp = {2013.03.14}
}

@ARTICLE{TrethewayMeinhart2004,
  author = {Derek C. Tretheway and Carl D. Meinhart},
  title = {A generating mechanism for apparent fluid slip in hydrophobic microchannels},
  journal = {Physics Of Fluids},
  year = {2004},
  volume = {16},
  pages = {1509},
  owner = {nat},
  timestamp = {2013.03.14}
}

@ARTICLE{TrethewayMeinhartErratum2004,
  author = {Derek C. Tretheway and Carl D. Meinhart},
  title = {Erratum: ``A generating mechanism for apparent fluid slip in hydrophobic microchannels" [Phys. Fluids 16, 1509 (2004)]},
  journal = {Physics Of Fluids},
  year = {2006},
  volume = {18},
  pages = {109901},
  owner = {nat},
  timestamp = {2013.03.14}
}

@ARTICLE{Cottin-Bizonne2004,
  author = {C. Cottin-Bizonne and C. Barentin and \'{E}. Charlaix and L. Bocquet and J.-L. Barrat},
  title = {Dynamics of simple liquids at heterogeneous surfaces: Molecular-dynamics simulations and hydrodynamic description},
  journal = {The European Physical Journal E},
  year = {2004},
  volume = {15},
  pages = {427-438},
  owner = {nat},
  timestamp = {2013.03.14}
}

@ARTICLE{SbragagliaProsperetti2007,
  author = {M. Sbragaglia and A. Prosperetti},
  title = {A note on the effective slip properties for microchannel flows with ultrahydrophobic surfaces},
  journal = {Physics Of Fluids},
  year = {2007},
  volume = {19},
  pages = {043603},
  owner = {nat},
  timestamp = {2013.03.14}
}

@ARTICLE{Ybert2007,
  author = {Christophe Ybert and Catherine Barentin and C\'{e}cile Cottin-Bizonne and Pierre Joseph and Lyd\'{e}ric Bocquet},
  title = {Achieving large slip with superhydrophobic surfaces: Scaling laws for generic geometries},
  journal = {Physics Of Fluids},
  year = {2007},
  volume = {19},
  pages = {123601},
  owner = {nat},
  timestamp = {2013.03.14}
}

@ARTICLE{HendyLund2007,
  author = {Shaun C. Hendy and Nat J. Lund},
  title = {Effective slip boundary conditions for flows over nanoscale chemical heterogeneities},
  journal = {Physical Review E},
  year = {2007},
  volume = {76},
  pages = {066313},
  owner = {nat},
  timestamp = {2013.03.14}
}

@ARTICLE{LundHendy2008,
  author = {Nat J. Lund and Shaun C. Hendy},
  title = {Effective slip length for mixed-slip flow},
  journal = {ANZIAM Journal},
  year = {2008},
  volume = {76},
  pages = {066313},
  owner = {nat},
  timestamp = {2013.03.14}
}

@ARTICLE{NgWang2009,
  author = {Chiu-On Ng and C. Y. Wang},
  title = {Stokes shear flow over a grating: Implications for superhydrophobic slip},
  journal = {Physics Of Fluids},
  year = {2009},
  volume = {21},
  pages = {013602},
  owner = {nat},
  timestamp = {2013.03.14}
}

@ARTICLE{DavisLauga2009a,
  author = {Anthony M. J. Davis and Eric Lauga},
  title = {Geometric transition in friction for flow over a bubble mattress},
  journal = {Physics Of Fluids},
  year = {2009},
  volume = {21},
  pages = {011701},
  owner = {nat},
  timestamp = {2013.03.14}
}

@ARTICLE{DavisLauga2009b,
  author = {Anthony M. J. Davis and Eric Lauga},
  title = {The friction of a mesh-like super-hydrophobic surface},
  journal = {Physics Of Fluids},
  year = {2009},
  volume = {21},
  pages = {113101},
  owner = {nat},
  timestamp = {2013.03.14}
}

@ARTICLE{NgWang2010,
  author = {Chiu-On Ng and C. Y. Wang},
  title = {Apparent slip arising from Stokes shear flow over a bidimensional patterned surface},
  journal = {Microfluid Nanofluid},
  year = {2010},
  volume = {8},
  pages = {361-371},
  owner = {nat},
  timestamp = {2013.03.14}
}

@ARTICLE{DavisLauga2010,
  author = {Anthony M. J. Davis and Eric Lauga},
  title = {Hydrodynamc friction of fakir-like superhydrophobic surfaces},
  journal = {Journal of Fluid Mechanics},
  year = {2010},
  volume = {661},
  pages = {402-411},
  owner = {nat},
  timestamp = {2013.03.14}
}

@ARTICLE{Lund2012,
  author = {Nat J. Lund and Xingyou Philip Zhang and Keoni Mahelona and Shaun C. Hendy},
  title = {An effective slip length for mixed-slip flow},
  journal = {Physical Review E},
  year = {2012},
  volume = {76},
  pages = {066313},
  owner = {nat},
  timestamp = {2013.03.14}
}


% More extension by Nat.  Same encoding, UTF-8, I presume.

%%%%%%%%%%%%%%%%%%%%%%%%%%%%%%%%%%%%% Chapter 3 and 4 references.

@BOOK{Pozrikidis1997,
  author = {Constantine Pozrikidis},
  title = {Introduction to Theoretical and Computational Fluid Dynamics},
  publisher = {Oxford University Press},
  year = {1997}
}

@BOOK{Pozrikidis2001,
  author = {Constantine Pozrikidis},
  title = {Fluid Dynamics: Theory, Computation, and Numerical Simulation},
  publisher = {Kluwer},
  year = {2001}
}

@ARTICLE{Lukkassen2002,
  author = {Dag Lukkassen and Peter Wall},
  title = {On Weak Convergence of Locally Periodic Functions},
  journal = {Journal of Nonlinear Mathematical Physics},
  year = {2002},
  volume = {9},
  pages = {45-57},
  owner = {nat},
  timestamp = {2013.07.18}
}


@article {MR3043640,
    AUTHOR = {Hecht, F.}, TITLE = {New development in freefem++},
   JOURNAL = {J. Numer. Math.},  FJOURNAL = {Journal of Numerical Mathematics},
    VOLUME = {20}, YEAR = {2012},
    NUMBER = {3-4}, PAGES = {251--265},
      ISSN = {1570-2820}, MRCLASS = {65Y15}, MRNUMBER = {3043640},
}

@article {freefem++,
    AUTHOR = {Hecht, F.}, TITLE = {New development in freefem++},
   JOURNAL = {J. Numer. Math.},  FJOURNAL = {Journal of Numerical Mathematics},
    VOLUME = {20}, YEAR = {2012},
    NUMBER = {3-4}, PAGES = {251--265},
      ISSN = {1570-2820}, MRCLASS = {65Y15}, MRNUMBER = {3043640}
}

@comment{jabref-meta: selector_publisher:}

@comment{jabref-meta: selector_author:}

@comment{jabref-meta: selector_journal:}

@comment{jabref-meta: selector_keywords:}

